<?xml version="1.0" encoding="UTF-8"?><record xmlns="http://www.loc.gov/MARC21/slim" xmlns:cinclude="http://apache.org/cocoon/include/1.0" xmlns:zs="http://www.loc.gov/zing/srw/">
  <leader>00548cz  a2200169n  4500</leader>
  <controlfield tag="001">n 2001050945</controlfield>
  <controlfield tag="003">DLC</controlfield>
  <controlfield tag="005">20130320080247.0</controlfield>
  <controlfield tag="008">011106n| azannaabn          |a aaa      </controlfield>
  <datafield tag="010" ind1=" " ind2=" ">
    <subfield code="a">n 2001050945</subfield>
  </datafield>
  <datafield tag="040" ind1=" " ind2=" ">
    <subfield code="a">DLC</subfield>
    <subfield code="b">eng</subfield>
    <subfield code="e">rda</subfield>
    <subfield code="c">DLC</subfield>
    <subfield code="d">DLC</subfield>
  </datafield>
  <datafield tag="046" ind1=" " ind2=" ">
    <subfield code="k">1991</subfield>
  </datafield>
  <datafield tag="100" ind1="1" ind2=" ">
    <subfield code="a">Ceretʻeli, Akaki,</subfield>
    <subfield code="d">1840-1915.</subfield>
    <subfield code="t">Works.</subfield>
    <subfield code="k">Selections.</subfield>
    <subfield code="f">1991</subfield>
  </datafield>
  <datafield tag="381" ind1=" " ind2=" ">
    <subfield code="a">Selections</subfield>
  </datafield>
  <datafield tag="400" ind1="1" ind2=" ">
    <subfield code="a">Ceretʻeli, Akaki,</subfield>
    <subfield code="d">1840-1915.</subfield>
    <subfield code="t">Nakvesebi ; sxvadasxva</subfield>
  </datafield>
  <datafield tag="400" ind1="1" ind2=" ">
    <subfield code="w">nnea</subfield>
    <subfield code="a">Ceretʻeli, Akaki,</subfield>
    <subfield code="d">1840-1915.</subfield>
    <subfield code="t">Selections.</subfield>
    <subfield code="f">1991</subfield>
  </datafield>
  <datafield tag="670" ind1=" " ind2=" ">
    <subfield code="a">Ceretʻeli, Akaki. Nakvesebi ; sxvadasxva, 1991.</subfield>
  </datafield>
</record>